@booklet {
  sprayUser,
  author = "Jos Warmer and Karsten Thoms and Marko Boger and Fabio Filippelli and Michael Bauer and Joerg Reichert",
  title = "Spray User Guide",
  url = "https://spray.ci.cloudbees.com/job/spray-docs-build/lastSuccessfulBuild/artifact/docs/org.eclipselabs.spray.doc.user/docs/html/SprayUserGuide.html",
  year = "2013",
  lastchecked = "2014-01-05",
}

@booklet {
  sprayDev,
  author = "Jos Warmer and Karsten Thoms and Joerg Reichert",
  title = "Spray Developer Guide",
  url = "https://spray.ci.cloudbees.com/job/spray-docs-build/lastSuccessfulBuild/artifact/docs/org.eclipselabs.spray.doc.dev/docs/html/SprayDeveloperGuide.html",
  year = "2013",
  lastchecked = "2014-01-05",
}

@misc {
  sprayWebpage,
  key = "Spray Webseite",
  title = "spray -- A quick way of creating Graphiti",
  url = "https://code.google.com/a/eclipselabs.org/p/spray/",
  year = "2014",
  lastchecked = "2014-01-09",
}

@booklet {
  sprayPaper,
  author = "Fabio Filippelli and Steffen Kollosche and Michael Bauer and Markus Gerhart and Marko Boger and Karsten Thoms and Jos Warmer",
  title = "Concepts for the model-driven generation of graphical editors in Eclipse
by using the Graphiti framework",
  url = "https://spray.eclipselabs.org.codespot.com/files/SprayPaper.pdf",
  year = "2012",
  lastchecked = "2014-01-09",
}

@unpublished {
  drachen,
  author = "Heiko Drachenfels",
  title = "Modellgetriebene Softwareentwicklung -- Teil 2: Modellierung",
  url = "http://www-home.htwg-konstanz.de/~drachen/mgse/Teil-2.pdf",
  month = "12.~" # aug,
  year = "2013",
  note = "Vorlesungsskript",
  lastchecked = "2014-01-09",
}

@booklet {
  dd,
  author = "Andreas Herz",
  title = "API Documentation -- Draw2D touch JavaScript GraphLib ( version 3.0.0 )",
  url = "http://draw2d.org/draw2d_touch/jsdoc",
  month = "19.~" # oct,
  year = "2013",
  lastchecked = "2014-01-05",
}