@booklet {
  sprayUser,
  author = "Jos Warmer and Karsten Thoms and Marko Boger and Fabio Filippelli and Michael Bauer and Joerg Reichert",
  title = "Spray User Guide",
  url = "https://code.google.com/a/eclipselabs.org/p/spray/",
  year = "2013",
  lastchecked = "2014-01-05",
}

@booklet {
  SprayDev,
  author = "Jos Warmer and Karsten Thoms and Joerg Reichert",
  title = "Spray Developer Guide",
  url = "https://code.google.com/a/eclipselabs.org/p/spray/",
  year = "2013",
  lastchecked = "2014-01-05",
}